<record><leader>00000cas a22000007a 4500</leader><controlfield tag="001">16840671</controlfield><controlfield tag="008">871012d19201975nyuwr ne      0    0eng d</controlfield><datafield ind1=" " ind2=" " tag="010"><subfield code="a">sn 87070340 </subfield></datafield><datafield ind1=" " ind2=" " tag="040"><subfield code="a">NYS</subfield><subfield code="b">eng</subfield><subfield code="c">NYS</subfield><subfield code="d">OCLCQ</subfield><subfield code="d">OCLCF</subfield><subfield code="d">OCLCO</subfield></datafield><datafield ind1="1" ind2=" " tag="029"><subfield code="a">AU@</subfield><subfield code="b">000025796289</subfield></datafield><datafield ind1=" " ind2=" " tag="042"><subfield code="a">msc</subfield></datafield><datafield ind1=" " ind2=" " tag="043"><subfield code="a">n-us-ny</subfield></datafield><datafield ind1="0" ind2="4" tag="245"><subfield code="a">The Adirondack record-Elizabethtown post.</subfield></datafield><datafield ind1="1" ind2="3" tag="246"><subfield code="a">Record-post</subfield></datafield><datafield ind1=" " ind2=" " tag="260"><subfield code="a">Au Sable Forks, N.Y. :</subfield><subfield code="b">Adirondack Record,</subfield><subfield code="c">1920-1975.</subfield></datafield><datafield ind1=" " ind2=" " tag="300"><subfield code="a">55 v.</subfield></datafield><datafield ind1=" " ind2=" " tag="310"><subfield code="a">Weekly</subfield></datafield><datafield ind1="0" ind2=" " tag="362"><subfield code="a">Vol. 13, no. 39 (Nov. 26, 1920)-v. 67, no. 34 (Sept. 4, 1975).</subfield></datafield><datafield ind1=" " ind2="0" tag="651"><subfield code="a">Au Sable Forks (N.Y.)</subfield><subfield code="v">Newspapers.</subfield></datafield><datafield ind1=" " ind2="0" tag="651"><subfield code="a">Elizabethtown (N.Y.)</subfield><subfield code="v">Newspapers.</subfield></datafield><datafield ind1=" " ind2="0" tag="651"><subfield code="a">Essex County (N.Y.)</subfield><subfield code="v">Newspapers.</subfield></datafield><datafield ind1=" " ind2="7" tag="655"><subfield code="a">Newspapers.</subfield><subfield code="2">fast</subfield><subfield code="0">(OCoLC)fst01423814</subfield></datafield><datafield ind1=" " ind2="7" tag="651"><subfield code="a">New York (State)</subfield><subfield code="z">Au Sable Forks.</subfield><subfield code="2">fast</subfield><subfield code="0">(OCoLC)fst01254700</subfield></datafield><datafield ind1=" " ind2="7" tag="651"><subfield code="a">New York (State)</subfield><subfield code="z">Elizabethtown.</subfield><subfield code="2">fast</subfield><subfield code="0">(OCoLC)fst01273915</subfield></datafield><datafield ind1=" " ind2="7" tag="651"><subfield code="a">New York (State)</subfield><subfield code="z">Essex County.</subfield><subfield code="2">fast</subfield><subfield code="0">(OCoLC)fst01208119</subfield></datafield><datafield ind1=" " ind2=" " tag="752"><subfield code="a">United States</subfield><subfield code="b">New York</subfield><subfield code="c">Essex</subfield><subfield code="d">Au Sable Forks.</subfield></datafield><datafield ind1=" " ind2=" " tag="752"><subfield code="a">United States</subfield><subfield code="b">New York</subfield><subfield code="c">Essex</subfield><subfield code="d">Elizabethtown.</subfield></datafield><datafield ind1="0" ind2="4" tag="780"><subfield code="t">Adirondack record</subfield><subfield code="w">(DLC)sn 84031732</subfield><subfield code="w">(OCoLC)11192935</subfield></datafield><datafield ind1="0" ind2="4" tag="780"><subfield code="t">Elizabethtown post (Elizabethtown, N.Y. : 1884)</subfield><subfield code="w">(DLC)sn 92061913</subfield><subfield code="w">(OCoLC)27014820</subfield></datafield><datafield ind1="0" ind2="0" tag="785"><subfield code="t">Adirondack record-post</subfield><subfield code="w">(DLC)sn 87070411</subfield><subfield code="w">(OCoLC)16954372</subfield></datafield></record>